@misc{1_fundamentals_2015,
author={Fundamentals, Application},
title={Application Fundamentals | Android Developers},
url={http://developer.android.com/guide/components/fundamentals.html},
journal={Developer.android.com},
year={2015}
},

@misc{2_play.google.com_2015,
author={Play.google.com,},
url={https://play.google.com/store?hl=en_GB},
year={2015}
},

@misc{3_android.com_2015,
author={Android.com,},
title={Android - History},
url={http://www.android.com/history/},
year={2015}
},

@misc{4_itunes.apple.com_2015,
author={Itunes.apple.com,},
title={App Store Downloads on iTunes},
url={https://itunes.apple.com/gb/genre/ios/id36?mt=8},
year={2015}
},

@misc{5_appleinsider.com_2015,
author={Appleinsider.com,},
title={iOS, Android dominate smartphone market with 96% combined stake},
url={http://appleinsider.com/articles/15/02/24/ios-android-dominate-smartphone-market-with-96-combined-stake},
year={2015}
},

@misc{6_xamarin.com_2015,
author={Xamarin.com,},
title={Mobile App Development & App Creation Software - Xamarin},
url={http://xamarin.com/},
year={2015}
},

@misc{7_phonegap.com_2015,
author={Phonegap.com,},
title={PhoneGap | PhoneGap, Cordova, and what?s in a name?},
url={http://phonegap.com/2012/03/19/phonegap-cordova-and-what%E2%80%99s-in-a-name/},
year={2015}
},

@misc{8_cordova.apache.org_2015,
author={Cordova.apache.org,},
title={Apache Cordova},
url={http://cordova.apache.org/},
year={2015}
},

@misc{9_treehouse blog_2012,
author={Treehouse Blog,},
title={I Don't Speak Your Language: Frontend vs. Backend - Treehouse Blog},
url={http://blog.teamtreehouse.com/i-dont-speak-your-language-frontend-vs-backend},
year={2012}
},

@misc{10_dberkholz-media.redmonk.com_2015,
author={Dberkholz-media.redmonk.com,},
url={http://dberkholz-media.redmonk.com/dberkholz/files/2014/04/github_new_repos-custom.png},
year={2015}
},

@misc{11_wikipedia_2015,
author={Wikipedia,},
title={Solution stack},
url={http://en.wikipedia.org/wiki/Solution_stack},
year={2015}
},

@misc{12_docs.mongodb.org_2015,
author={Docs.mongodb.org,},
title={Introduction to MongoDB ? MongoDB Manual 2.6.8},
url={http://docs.mongodb.org/manual/core/introduction/},
year={2015}
},

@misc{13_github_2015,
author={GitHub,},
title={Build software better, together},
url={https://github.com/},
year={2015}
},

@misc{14_wikipedia_2015,
author={Wikipedia,},
title={GitHub},
url={http://en.wikipedia.org/wiki/GitHub},
year={2015}
},

@misc{15_wikipedia_2015,
author={Wikipedia,},
title={Integrated development environment},
url={http://en.wikipedia.org/wiki/Integrated_development_environment},
year={2015}
},

@misc{16_wikipedia_2015,
author={Wikipedia,},
title={Npm (software)},
url={http://en.wikipedia.org/wiki/Npm_(software)},
year={2015}
},

@article{17_fielding_taylor_2000,
author={Fielding, Roy T. and Taylor, Richard N.},
title={Principled design of the modern Web architecture},
DOI={10.1145/337180.337228},
journal={Proceedings of the 22nd international conference on Software engineering - ICSE '00},
year={2000}
},

@misc{18_upload.wikimedia.org_2015,
author={Upload.wikimedia.org,},
url={http://upload.wikimedia.org/wikipedia/commons/thumb/a/a0/MVC-Process.svg/2000px-MVC-Process.svg.png},
year={2015}
},

@misc{19_mongoosejs.com_2015,
author={Mongoosejs.com,},
title={Mongoose ODM v3.8.24},
url={http://mongoosejs.com/},
year={2015}
},

@misc{20_mongolab.com_2015,
author={Mongolab.com,},
title={Login | MongoLab},
url={https://mongolab.com/login/?r=%2Fdatabases%2Ftestfyp%2Fcollections%2Frequests},
year={2015}
},

@misc{21_chris veness_2015,
author={Chris Veness, www.movable-type.co.uk},
title={Calculate distance and bearing between two Latitude/Longitude points using haversine formula in JavaScript},
url={http://www.movable-type.co.uk/scripts/latlong.html},
journal={Movable-type.co.uk},
year={2015}
},
@misc{node_history,
author={Martínez, Daniel},
title={Node.js and V8 history},
url={http://nodegeek.net/2013/12/18/nodejs-v8-history/},
year={2013}
},
@misc{instagramWiki,
author = {},
title = {Instagram - Wikipedia, the free encyclopedia},
howpublished = {\url{http://en.wikipedia.org/wiki/Instagram#History}},
month = {},
year = {},
note = {(Visited on 03/18/2015)}
},
@misc{snapchatScreen,
author = {},
title = {How to Easily Capture Images In SnapChat Without the Other Person Noticing},
howpublished = {\url{http://gizmodo.com/5978053/how-to-easily-capture-images-in-snapchat-without-the-other-person-noticing}},
month = {},
year = {},
note = {(Visited on 03/18/2015)}
},
@misc{snapchatWiki,
author = {},
title = {Snapchat - Wikipedia, the free encyclopedia},
howpublished = {\url{http://en.wikipedia.org/wiki/Snapchat#Features}},
month = {},
year = {},
note = {(Visited on 03/18/2015)}
},
@misc{flickrWiki,
author = {},
title = {Flickr - Wikipedia, the free encyclopedia},
howpublished = {\url{http://en.wikipedia.org/wiki/Flickr}},
month = {},
year = {},
note = {(Visited on 03/18/2015)}
},
@misc{youtubeWiki,
author = {},
title = {YouTube - Wikipedia, the free encyclopedia},
howpublished = {\url{http://en.wikipedia.org/wiki/YouTube}},
month = {},
year = {},
note = {(Visited on 03/18/2015)}
},
@misc{paypalMafia,
author = {},
title = {The PayPal Mafia: Who are they and where are Silicon Valley's richest group of men now? - Telegraph},
howpublished = {\url{http://www.telegraph.co.uk/technology/11106473/The-PayPal-Mafia-Who-are-they-and-where-are-Silicon-Valleys-richest-group-of-men-now.html}},
month = {},
year = {},
note = {(Visited on 03/18/2015)}
},
@misc{vineWiki,
author = {},
title = {Vine (service) - Wikipedia, the free encyclopedia},
howpublished = {\url{http://en.wikipedia.org/wiki/Vine_(service)}},
month = {},
year = {},
note = {(Visited on 03/18/2015)}
},
@misc{richYoutube,
author = {},
title = {The Richest YouTube Stars - Business Insider},
howpublished = {\url{http://www.businessinsider.com/richest-youtube-stars-2014-3?op=1&IR=T}},
month = {},
year = {},
note = {(Visited on 03/18/2015)}
},
@inproceedings{chen2014quiltview,
  title={QuiltView: a crowd-sourced video response system},
  author={Chen, Zhuo and Hu, Wenlu and Ha, Kiryong and Harkes, Jan and Gilbert, Benjamin and Hong, Jason and Smailagic, Asim and Siewiorek, Dan and Satyanarayanan, Mahadev},
  booktitle={Proceedings of the 15th Workshop on Mobile Computing Systems and Applications},
  pages={13},
  year={2014},
  organization={ACM}
},
@inproceedings{musthag2013labor,
  title={Labor dynamics in a mobile micro-task market},
  author={Musthag, Mohamed and Ganesan, Deepak},
  booktitle={Proceedings of the SIGCHI Conference on Human Factors in Computing Systems},
  pages={641--650},
  year={2013},
  organization={ACM}
},

@misc{wf9a51:online,
author = {},
title = {wf9a5m75/phonegap-googlemaps-plugin},
howpublished = {\url{https://github.com/wf9a5m75/phonegap-googlemaps-plugin}},
month = {},
year = {},
note = {(Visited on 03/19/2015)}
},

@misc{chris7:online,
author = {},
title = {christocracy/cordova-plugin-background-geolocation},
howpublished = {\url{https://github.com/christocracy/cordova-plugin-background-geolocation}},
month = {},
year = {},
note = {(Visited on 03/19/2015)}
},

@misc{Googl7:online,
author = {},
title = {Google Cloud Messaging for Android | Android Developers},
howpublished = {\url{https://developer.android.com/google/gcm/index.html}},
month = {},
year = {},
note = {(Visited on 03/19/2015)}
},

@misc{Apple7:online,
author = {},
title = {Apple Push Notification Service},
howpublished = {\url{https://developer.apple.com/library/ios/documentation/NetworkingInternet/Conceptual/RemoteNotificationsPG/Chapters/ApplePushService.html}},
month = {},
year = {},
note = {(Visited on 03/19/2015)}
},

@misc{Inter3:online,
author = {},
title = {Internet of Things (IoT) - Cisco Systems},
howpublished = {\url{http://www.cisco.com/web/solutions/trends/iot/overview.html}},
month = {},
year = {},
note = {(Visited on 03/19/2015)}
},

@misc{Andro8:online,
author = {},
title = {Android},
howpublished = {\url{https://www.android.com/}},
month = {},
year = {},
note = {(Visited on 03/19/2015)}
},

@misc{andro2:online,
author = {},
title = {android-architecture3.jpg (800×522)},
howpublished = {\url{http://fp.edu.gva.es/av/pluginfile.php/745396/mod_imscp/content/2/android-architecture3.jpg}},
month = {},
year = {},
note = {(Visited on 03/19/2015)}
},@misc{Googl2:online,
author = {},
title = {Google Play gets serious with 'expert' screening, age ratings for Android apps - CNET},
howpublished = {\url{http://www.cnet.com/uk/news/google-play-adds-app-ratings-to-inform-users-on-content/}},
month = {},
year = {},
note = {(Visited on 03/19/2015)}
},@misc{IDC: 7:online,
author = {},
title = {IDC: Smartphone Market Share 2014, 2013, 2012, and 2011},
howpublished = {\url{http://www.idc.com/prodserv/smartphone-market-share.jsp}},
month = {},
year = {},
note = {(Visited on 03/19/2015)}
},@misc{Devel0:online,
author = {},
title = {Develop Cross Platform Mobile Apps and Games | Corona Labs},
howpublished = {\url{https://coronalabs.com/products/corona-sdk/}},
month = {},
year = {},
note = {(Visited on 03/19/2015)}
},@misc{Phone0:online,
author = {},
title = {PhoneGap | PhoneGap, Cordova, and what’s in a name?},
howpublished = {\url{http://phonegap.com/2012/03/19/phonegap-cordova-and-what%E2%80%99s-in-a-name/}},
month = {},
year = {},
note = {(Visited on 03/19/2015)}
},@inproceedings{Simoens:2013:SCV:2462456.2464440,
 author = {Simoens, Pieter and Xiao, Yu and Pillai, Padmanabhan and Chen, Zhuo and Ha, Kiryong and Satyanarayanan, Mahadev},
 title = {Scalable Crowd-sourcing of Video from Mobile Devices},
 booktitle = {Proceeding of the 11th Annual International Conference on Mobile Systems, Applications, and Services},
 series = {MobiSys '13},
 year = {2013},
 isbn = {978-1-4503-1672-9},
 location = {Taipei, Taiwan},
 pages = {139--152},
 numpages = {14},
 url = {http://doi.acm.org/10.1145/2462456.2464440},
 doi = {10.1145/2462456.2464440},
 acmid = {2464440},
 publisher = {ACM},
 address = {New York, NY, USA},
 keywords = {cloud computing, cloudlet, computer vision, denaturing, google glass, mobile computing, smartphone, virtual machines},
},@misc{TaskR2:online,
author = {},
title = {TaskRabbit connects you to safe and reliable help in your neighbourhood.},
howpublished = {\url{https://www.taskrabbit.co.uk/}},
month = {},
year = {},
note = {(Visited on 03/19/2015)}
},@misc{jjoon:online,
author={Dr. Jaejoon Lee},
title = {Requirements Engineering},
location = {Lancaster University},
year = {2013}.

},@Book{gancarz2003linux,
 author = {Gancarz, Mike},
 title = {Linux and the Unix philosophy},
 publisher = {Digital Press},
 year = {2003},
 address = {Amsterdam Boston},
 isbn = {978-1555582739}
 },@book{McConnell:1996:RDT:524972,
 author = {McConnell, Steve},
 title = {Rapid Development: Taming Wild Software Schedules},
 year = {1996},
 isbn = {1556159005},
 edition = {1st},
 publisher = {Microsoft Press},
 address = {Redmond, WA, USA},
},
@misc{Passp8:online,
author = {},
title = {Passport - Simple, unobtrusive authentication for Node.js.},
howpublished = {\url{http://passportjs.org/}},
month = {},
year = {},
note = {(Visited on 03/19/2015)}
},@misc{When 1:online,
author = {},
title = {When to Override Native UI Components - Articles - Baymard Institute},
howpublished = {\url{http://baymard.com/blog/custom-vs-native-ui}},
month = {},
year = {},
note = {(Visited on 03/19/2015)}
},
@misc{https6:online,
author = {},
title = {https://s3.amazonaws.com/uxpin/uxpin\_mobile\_ui\_design\_patterns\_2014.pdf},
howpublished = {\url{https://s3.amazonaws.com/uxpin/uxpin_mobile_ui_design_patterns_2014.pdf}},
month = {},
year = {},
note = {(Visited on 03/19/2015)}
},
@misc{Intro4:online,
author = {},
title = {Introduction - Material design - Google design guidelines},
howpublished = {\url{http://www.google.co.uk/design/spec/material-design/introduction.html}},
month = {},
year = {},
note = {(Visited on 03/19/2015)}
}@inproceedings{Nielsen,
 author = {Nielsen, Jakob and Molich, Rolf},
 title = {Heuristic Evaluation of User Interfaces},
 booktitle = {Proceedings of the SIGCHI Conference on Human Factors in Computing Systems},
 series = {CHI '90},
 year = {1990},
 isbn = {0-201-50932-6},
 location = {Seattle, Washington, USA},
 pages = {249--256},
 numpages = {8},
 url = {http://doi.acm.org/10.1145/97243.97281},
 doi = {10.1145/97243.97281},
 acmid = {97281},
 publisher = {ACM},
 address = {New York, NY, USA},
} ,@misc{The S3:online,
author = {},
title = {The Secret Sauce Gesture Behind Vine And Snapchat | Co.Design | business + design},
howpublished = {\url{http://www.fastcodesign.com/1671720/the-secret-sauce-gesture-behind-vine-and-snapchat}},
month = {},
year = {},
note = {(Visited on 03/19/2015)}
},
@misc{Why Y6:online,
author = {},
title = {Why You Only Need to Test with 5 Users},
howpublished = {\url{http://www.nngroup.com/articles/why-you-only-need-to-test-with-5-users/}},
month = {},
year = {},
note = {(Visited on 03/19/2015)}
},,@misc{1_fundamentals_2015,
author={Fundamentals, Application},
title={Application Fundamentals | Android Developers},
url={http://developer.android.com/guide/components/fundamentals.html},
journal={Developer.android.com},
year={2015}
},

@misc{2_play.google.com_2015,
author={Play.google.com,},
url={https://play.google.com/store?hl=en_GB},
year={2015}
},

@misc{3_android.com_2015,
author={Android.com,},
title={Android - History},
url={http://www.android.com/history/},
year={2015}
},

@misc{4_itunes.apple.com_2015,
author={Itunes.apple.com,},
title={App Store Downloads on iTunes},
url={https://itunes.apple.com/gb/genre/ios/id36?mt=8},
year={2015}
},

@misc{5_appleinsider.com_2015,
author={Appleinsider.com,},
title={iOS, Android dominate smartphone market with 96% combined stake},
url={http://appleinsider.com/articles/15/02/24/ios-android-dominate-smartphone-market-with-96-combined-stake},
year={2015}
},

@misc{6_xamarin.com_2015,
author={Xamarin.com,},
title={Mobile App Development & App Creation Software - Xamarin},
url={http://xamarin.com/},
year={2015}
},

@misc{7_phonegap.com_2015,
author={Phonegap.com,},
title={PhoneGap | PhoneGap, Cordova, and what’s in a name?},
url={http://phonegap.com/2012/03/19/phonegap-cordova-and-what%E2%80%99s-in-a-name/},
year={2015}
},

@misc{8_cordova.apache.org_2015,
author={Cordova.apache.org,},
title={Apache Cordova},
url={http://cordova.apache.org/},
year={2015}
},

@misc{9_treehouse blog_2012,
author={Treehouse Blog,},
title={I Don't Speak Your Language: Frontend vs. Backend - Treehouse Blog},
url={http://blog.teamtreehouse.com/i-dont-speak-your-language-frontend-vs-backend},
year={2012}
},

@misc{10_dberkholz-media.redmonk.com_2015,
author={Dberkholz-media.redmonk.com,},
url={http://dberkholz-media.redmonk.com/dberkholz/files/2014/04/github_new_repos-custom.png},
year={2015}
},

@misc{11_wikipedia_2015,
author={Wikipedia,},
title={Solution stack},
url={http://en.wikipedia.org/wiki/Solution_stack},
year={2015}
},

@misc{12_docs.mongodb.org_2015,
author={Docs.mongodb.org,},
title={Introduction to MongoDB — MongoDB Manual 2.6.8},
url={http://docs.mongodb.org/manual/core/introduction/},
year={2015}
},

@misc{13_github_2015,
author={GitHub,},
title={Build software better, together},
url={https://github.com/},
year={2015}
},

@misc{14_wikipedia_2015,
author={Wikipedia,},
title={GitHub},
url={http://en.wikipedia.org/wiki/GitHub},
year={2015}
},

@misc{15_wikipedia_2015,
author={Wikipedia,},
title={Integrated development environment},
url={http://en.wikipedia.org/wiki/Integrated_development_environment},
year={2015}
},

@misc{16_wikipedia_2015,
author={Wikipedia,},
title={Npm (software)},
url={http://en.wikipedia.org/wiki/Npm_(software)},
year={2015}
},

@article{17_fielding_taylor_2000,
author={Fielding, Roy T. and Taylor, Richard N.},
title={Principled design of the modern Web architecture},
DOI={10.1145/337180.337228},
journal={Proceedings of the 22nd international conference on Software engineering - ICSE '00},
year={2000}
},

@misc{18_upload.wikimedia.org_2015,
author={Upload.wikimedia.org,},
url={http://upload.wikimedia.org/wikipedia/commons/thumb/a/a0/MVC-Process.svg/2000px-MVC-Process.svg.png},
year={2015}
},

@misc{19_mongoosejs.com_2015,
author={Mongoosejs.com,},
title={Mongoose ODM v3.8.24},
url={http://mongoosejs.com/},
year={2015}
},

@misc{20_mongolab.com_2015,
author={Mongolab.com,},
title={Login | MongoLab},
url={https://mongolab.com/login/?r=%2Fdatabases%2Ftestfyp%2Fcollections%2Frequests},
year={2015}
},

@misc{21_chris veness_2015,
author={Chris Veness, www.movable-type.co.uk},
title={Calculate distance and bearing between two Latitude/Longitude points using haversine formula in JavaScript},
url={http://www.movable-type.co.uk/scripts/latlong.html},
journal={Movable-type.co.uk},
year={2015}
},

@misc{22_docs.mongodb.org_2015,
author={Docs.mongodb.org,},
title={SQL to MongoDB Mapping Chart — MongoDB Manual 3.0.1},
url={http://docs.mongodb.org/manual/reference/sql-comparison/},
year={2015}
},

@misc{23_2015,
url={https://s3.amazonaws.com/uxpin/uxpin_mobile_ui_design_patterns_2014.pdf},
year={2015}
},

@misc{24_+_me_martínez_2013,
author={+, Google and me, About and Martínez, Daniel},
title={Node.js and V8 history - nodeGeek},
url={http://nodegeek.net/2013/12/18/nodejs-v8-history/},
journal={nodeGeek},
year={2013}
}

